% Encoding: UTF-8
@misc{piLibSemantic, 
title={pi-framework with example of corotine},
howpublished = {\url{https://github.com/TCC-racket/pi-lib-semantic-in-racket}},
note = {Accessed: 2019-10-25},
year = 2019
}

@misc{callccRacket,
title={call/cc em racket},
howpublished = {\url{https://docs.racket-lang.org/reference/cont.html}},
note = {Accessed: 2019-10-25},
year = 2019
}

@Comment{jabref-meta: databaseType:bibtex;}
